@misc{ent1,
  author = {Author},
  title = {Title}
}
