
@article{Palkar:2018:EEO:3213880.3232245,
 author = {Palkar, Shoumik and Thomas, James and Narayanan, Deepak and Thaker, Pratiksha and Palamuttam, Rahul and Negi, Parimajan and Shanbhag, Anil and Schwarzkopf, Malte and Pirk, Holger and Amarasinghe, Saman and Madden, Samuel and Zaharia, Matei},
 title = {{Evaluating End-to-end Optimization for Data Analytics Applications in Weld}},
 journal = {Proc. VLDB Endow.},
 issue_date = {May 2018},
 volume = {11},
 number = {9},
 month = may,
 year = {2018},
 issn = {2150-8097},
 pages = {1002--1015},
 numpages = {14},
 url = {https://doi.org/10.14778/3213880.3213890},
 doi = {10.14778/3213880.3213890},
 acmid = {3232245},
 publisher = {VLDB Endowment},
}

@article{Palkar:2018:FBY:3236187.3269470,
 author = {Palkar, Shoumik and Abuzaid, Firas and Bailis, Peter and Zaharia, Matei},
 title = {{Filter Before You Parse: Faster Analytics on Raw Data with Sparser}},
 journal = {Proc. VLDB Endow.},
 issue_date = {July 2018},
 volume = {11},
 number = {11},
 month = jul,
 year = {2018},
 issn = {2150-8097},
 pages = {1576--1589},
 numpages = {14},
 url = {https://doi.org/10.14778/3236187.3236207},
 doi = {10.14778/3236187.3236207},
 acmid = {3269470},
 publisher = {VLDB Endowment},
} 


@inproceedings{Palkar:2015:EFN:2815400.2815423,
    author = {Palkar, Shoumik and Lan, Chang and Han, Sangjin and Jang, Keon and Panda, Aurojit and Ratnasamy, Sylvia and Rizzo, Luigi and Shenker, Scott},
    title = {{E2: A Framework for NFV Applications}},
    series = {SOSP '15},
    year = {2015},
    url = {http://doi.acm.org/10.1145/2815400.2815423},
    address = {Monterey, CA, USA},
}

@inproceedings{weld,
    author = {Palkar, Shoumik and Thomas, James and Shanbhag, Anil and Narayanan, Deepak and Pirk, Holger, and Schwarzkopf, Malte and Amarasinghe, Saman and Zaharia, Matei},
    title = {{Weld: A Common Runtime for High Performance Data Analytics}},
    series = {CIDR '17},
    year = {2017},
    address = {Chaminade, CA, USA},
}


