
@article{Palkar:2018:EEO:3213880.3232245,
 author = {Palkar, Shoumik and Thomas, James and Narayanan, Deepak and Thaker, Pratiksha and Palamuttam, Rahul and Negi, Parimajan and Shanbhag, Anil and Schwarzkopf, Malte and Pirk, Holger and Amarasinghe, Saman and Madden, Samuel and Zaharia, Matei},
 title = {{\textbf{Evaluating End-to-end Optimization for Data Analytics Applications in Weld}}},
 journal = {Proc. VLDB Endow.},
 issue_date = {May 2018},
 volume = {11},
 number = {9},
 month = may,
 year = {2018},
 issn = {2150-8097},
 pages = {1002--1015},
 numpages = {14},
 url = {https://doi.org/10.14778/3213880.3213890},
 doi = {10.14778/3213880.3213890},
 acmid = {3232245},
 publisher = {VLDB Endowment},
 sortkey={1},
}

@article{Palkar:2018:FBY:3236187.3269470,
 author = {Palkar, Shoumik and Abuzaid, Firas and Bailis, Peter and Zaharia, Matei},
 title = {{\textbf{Filter Before You Parse: Faster Analytics on Raw Data with Sparser}}},
 journal = {Proc. VLDB Endow.},
 issue_date = {July 2018},
 volume = {11},
 number = {11},
 month = jul,
 year = {2018},
 issn = {2150-8097},
 pages = {1576--1589},
 numpages = {14},
 url = {https://doi.org/10.14778/3236187.3236207},
 doi = {10.14778/3236187.3236207},
 acmid = {3269470},
 publisher = {VLDB Endowment},
 sortkey={2},
} 

@inproceedings{palkar2017diy,
 author = {Palkar, Shoumik and Zaharia, Matei},
 title = {{\textbf{DIY Hosting for Online Privacy}}},
 booktitle = {Proceedings of the 16th ACM Workshop on Hot Topics in Networks},
 series = {HotNets-XVI},
 year = {2017},
 isbn = {978-1-4503-5569-8},
 location = {Palo Alto, CA, USA},
 pages = {1--7},
 numpages = {7},
 url = {http://doi.acm.org/10.1145/3152434.3152459},
 doi = {10.1145/3152434.3152459},
 acmid = {3152459},
 publisher = {ACM},
 address = {New York, NY, USA},
 sortkey={3},
} 

@inproceedings{weld,
    author = {Palkar, Shoumik and Thomas, James and Shanbhag, Anil and Narayanan, Deepak and Pirk, Holger and Schwarzkopf, Malte and Amarasinghe, Saman and Zaharia, Matei},
    title = {{\textbf{Weld: A Common Runtime for High Performance Data Analytics}}},
    series = {CIDR '17},
    year = {2017},
    address = {Chaminade, CA, USA},
    sortkey={4},
}


@article{palkar2017weld,
  title={{\textbf{Weld: Rethinking the Interface Between Data-intensive Applications}}},
  author={Palkar, Shoumik and Thomas, James and Narayanan, Deepak and Shanbhag, Anil and Palamuttam, Rahul and Pirk, Holger and Schwarzkopf, Malte and Amarasinghe, Saman and Madden, Samuel and Zaharia, Matei},
  journal={arXiv preprint arXiv:1709.06416},
  year={2017},
  sortkey={5},
}


@inproceedings{Palkar:2015:EFN:2815400.2815423,
    author = {Palkar, Shoumik and Lan, Chang and Han, Sangjin and Jang, Keon and Panda, Aurojit and Ratnasamy, Sylvia and Rizzo, Luigi and Shenker, Scott},
    title = {{\textbf{E2: A Framework for NFV Applications}}},
    series = {SOSP '15},
    year = {2015},
    url = {http://doi.acm.org/10.1145/2815400.2815423},
    address = {Monterey, CA, USA},
  sortkey={6},
}

@techreport{Han:EECS-2015-155,
    Author = {Han, Sangjin and Jang, Keon and Panda, Aurojit and Palkar, Shoumik and Han, Dongsu and Ratnasamy, Sylvia},
    Title = {{\textbf{SoftNIC: A Software NIC to Augment Hardware}}},
    Institution = {EECS Department, University of California, Berkeley},
    Year = {2015},
    Month = {May},
    URL = {http://www.eecs.berkeley.edu/Pubs/TechRpts/2015/EECS-2015-155.html},
    Number = {UCB/EECS-2015-155},
    sortkey={7},
}

