
@techreport{Han:EECS-2015-155,
    Author = {Han, Sangjin and Jang, Keon and Panda, Aurojit and Palkar, Shoumik and Han, Dongsu and Ratnasamy, Sylvia},
    Title = {{SoftNIC: A Software NIC to Augment Hardware}},
    Institution = {EECS Department, University of California, Berkeley},
    Year = {2015},
    Month = {May},
    URL = {http://www.eecs.berkeley.edu/Pubs/TechRpts/2015/EECS-2015-155.html},
    Number = {UCB/EECS-2015-155},
}

