
@inproceedings{palkar2017diy,
 author = {Palkar, Shoumik and Zaharia, Matei},
 title = {{DIY Hosting for Online Privacy}},
 booktitle = {Proceedings of the 16th ACM Workshop on Hot Topics in Networks},
 series = {HotNets-XVI},
 year = {2017},
 isbn = {978-1-4503-5569-8},
 location = {Palo Alto, CA, USA},
 pages = {1--7},
 numpages = {7},
 url = {http://doi.acm.org/10.1145/3152434.3152459},
 doi = {10.1145/3152434.3152459},
 acmid = {3152459},
 publisher = {ACM},
 address = {New York, NY, USA},
} 
